@book{schneider,
    title         = {Schneider},
    subtitle      = {Bautabellen f√ºr Ingenieure},
    author        = {Prof. Dr.-Ing. Andrej Albert},
    year          = {2014},
    edition       = {21},
    publisher     = {Bundesanzeiger}
}

@online{pythonTypes,
    title         = {The Python Language Reference},
    author        = {Python Software Foundation},
    date          = {2017},
    url           = {https://docs.python.org/2/reference/lexical_analysis.html#string-literals}
}

@book{beziercad,
    title         = {Handbook of Computer Aided Geometric Design},
    author        = {G. Farin J. Hoschek M.-S. Kim},
    year          = {2002},
    edition       = {1},
    publisher     = {Elsevier}
}

@article{bezier,
    author        = {Rida T.Farouki},
    title         = {The Bernstein polynomial basis: A centennial retrospective},
    journal       = {Computer Aided Geometric Design},
    volume        = {29},
    number        = {6},
    year          = {2012}
}